%%%% WARNING! AUTOMATICALLY CREATED BIBFILE
%%%% DO NOT EDIT! ALL CHANGES WILL BE LOST!

@STRING{acm	= "ACM" }
@STRING{acmtocl	= "ACM TOCL" }
@STRING{cacm	= "CACM" }
@STRING{cade15	= "CADE'15" }
@STRING{corr	= "CoRR" }
@STRING{csechalmers="Chalmers" }
@STRING{dagstuhl= "Schloss Dagstuhl" }
@STRING{esop14	= "ESOP'14" }
@STRING{fossacs08="FoSSaCS'08" }
@STRING{fpca87	= "FPCA'87" }
@STRING{fpca89	= "FPCA'89" }
@STRING{fscd17	= "FSCD'17" }
@STRING{fsttcs93= "FSTTCS'93" }
@STRING{icfp10	= "ICFP'10" }
@STRING{icfp14	= "ICFP'14" }
@STRING{icfp16	= "ICFP'16" }
@STRING{ieee	= "IEEE CS Press" }
@STRING{ifl07	= "IFL'07" }
@STRING{ifl97	= "IFL'97" }
@STRING{infcomp	= "Inf. Comput." }
@STRING{itp13	= "ITP'13" }
@STRING{jacm	= "JACM" }
@STRING{jcss	= "J. Comput. Syst. Sci." }
@STRING{jfp	= "JFP" }
@STRING{jlc	= "JLC" }
@STRING{lics01	= "LICS'01" }
@STRING{lics18	= "LICS'18" }
@STRING{lipics	= "LIPIcs" }
@STRING{lmcs	= "LMCS" }
@STRING{lncs	= "LNCS" }
@STRING{mscs	= "MSCS" }
@STRING{oreilly	= "O'Reilly" }
@STRING{pacmpl	= "PACMPL" }
@STRING{pepm15	= "PEPM'15" }
@STRING{pepm91	= "PEPM'91" }
@STRING{popl14	= "POPL'14" }
@STRING{springer= "Springer" }
@STRING{tcs	= "TCS" }
@STRING{tlca11	= "TLCA'11" }
@STRING{types15	= "TYPES'15" }
@STRING{types15abs="TYPES'15 abstracts" }
@STRING{types92	= "TYPES'92" }
@STRING{wadler60= "Wadlerfest 2016" }
@STRING{popl96	= "Conference Record of {POPL}'96: The 23rd {ACM}
		  {SIGPLAN-SIGACT} Symposium on Principles of Programming
		  Languages, Papers Presented at the Symposium, {St.
		  Petersburg Beach}, {Florida}, {USA}, {January} 21-24, 1996" }
@STRING{types94	= "Types for Proofs and Programs, International Workshop
		  {TYPES}'94, B{\aa}stad, Sweden, June 6-10, 1994, Selected
		  Papers" }
@STRING{popl01	= "Conference Record of {POPL} 2001: The 28th {ACM}
		  {SIGPLAN-SIGACT} Symposium on Principles of Programming
		  Languages, London, UK, January 17-19, 2001" }

@Proceedings{	  DBLP:conf/popl/2001,
  editor	= {Chris Hankin and Dave Schmidt},
  title		= popl01,
  booktitle	= popl01,
  publisher	= acm,
  year		= {2001},
  url		= {http://dl.acm.org/citation.cfm?id=360204},
  timestamp	= {Mon, 18 Mar 2013 08:39:18 +0100},
  biburl	= {http://dblp.uni-trier.de/rec/bib/conf/popl/2001},
  bibsource	= {dblp computer science bibliography, http://dblp.org}
}

@Proceedings{	  DBLP:conf/popl/1996,
  editor	= {Hans-Juergen Boehm and Guy L. {Steele Jr.}},
  title		= popl96,
  booktitle	= popl96,
  publisher	= acm,
  year		= 1996,
  url		= {http://dl.acm.org/citation.cfm?id=237721},
  ee		= {http://dl.acm.org/citation.cfm?id=237721},
  timestamp	= {Mon, 21 May 2012 16:19:50 +0200},
  biburl	= {http://dblp.uni-trier.de/rec/bib/conf/popl/1996},
  bibsource	= {dblp computer science bibliography, http://dblp.org}
}

@Unpublished{	  cockxAbel:lhschecking,
  author	= {Jesper Cockx and Andreas Abel},
  title		= {Elaborating dependent (co)pattern matching},
  note		= {Submitted},
  optkey	= {},
  year		= 2018,
  url		= {http://www.cse.chalmers.se/~abela/lhs-checking-submitted.pdf},
  optpostscript	= {},
  optpdf	= {},
  optdvi	= {},
  optabstract	= {}
}

@Misc{		  agda:parametric,
  author	= {Andrea Vezzosi},
  title		= {Agda-parametric},
  note		= {Branch of the Agda proof assistant},
  optkey	= {},
  year		= 2017,
  url		= {https://github.com/agda/agda/tree/parametric},
  optpostscript	= {},
  optpdf	= {},
  optdvi	= {},
  optabstract	= {}
}

@Misc{		  agda:flat,
  author	= {Andrea Vezzosi},
  title		= {Agda-flat},
  note		= {Branch of the Agda proof assistant},
  optkey	= {},
  year		= 2017,
  url		= {https://github.com/agda/agda/tree/flat},
  optpostscript	= {},
  optpdf	= {},
  optdvi	= {},
  optabstract	= {}
}

@Misc{		  agda:papers,
  key		= {agda},
  optauthor	= {},
  title		= {Papers using {Agda}},
  opthowpublished={},
  year		= {2017},
  optnote	= {},
  url		= {http://wiki.portal.chalmers.se/agda/pmwiki.php?n=Main.PapersUsingAgda},
  optpostscript	= {},
  optpdf	= {},
  optdvi	= {},
  optabstract	= {}
}

@Book{		  blandy:rust,
  author	= {Jim Blandy},
  title		= {The {Rust} Programming Language: Fast, Safe, and
		  Beautiful},
  year		= 2015,
  publisher	= oreilly
}

@InProceedings{	  martinlof:72,
  author	= {Per Martin-L{\"o}f},
  title		= {An Intuitionistic Theoy of Types},
  booktitle	= {Twenty-Five Years of Constructive Type Theory},
  year		= {1998},
  publisher	= {Oxford University Press},
  note		= {Reprinted version of an unpublished report from 1972}
}

@Article{	  riehlShulman:typeTheoryInfinityCategories,
  author	= {Emily Riehl and Micheal Shulman},
  title		= "{A type theory for synthetic $\infty$-categories}",
  journal	= {ArXiv e-prints},
  archiveprefix	= "arXiv",
  eprint	= {1705.07442},
  primaryclass	= "math.CT",
  keywords	= {Mathematics - Category Theory, Mathematics - Logic, 03G30,
		  18G55, 55U40},
  year		= 2017,
  url		= {https://arxiv.org/abs/1705.07442},
  adsurl	= {http://adsabs.harvard.edu/abs/2017arXiv170507442R},
  adsnote	= {Provided by the SAO/NASA Astrophysics Data System}
}

@InProceedings{	  reynolds:ifip83,
  author	= {John C. Reynolds},
  title		= {Types, Abstraction and Parametric Polymorphism},
  booktitle	= {{IFIP} Congress},
  pages		= {513--523},
  year		= {1983},
  timestamp	= {Thu, 03 Jan 2002 12:03:25 +0100},
  biburl	= {https://dblp.org/rec/bib/conf/ifip/Reynolds83},
  bibsource	= {dblp computer science bibliography, https://dblp.org}
}

@Article{	  nuytsVezzosiDevriese:icfp17,
  author	= {Andreas Nuyts and Andrea Vezzosi and Dominique Devriese},
  title		= {Parametric quantifiers for dependent type theory},
  journal	= pacmpl,
  volume	= 1,
  number	= {{ICFP}},
  pages		= {32:1--32:29},
  year		= 2017,
  url		= {http://doi.acm.org/10.1145/3110276},
  timestamp	= {Mon, 06 Nov 2017 12:13:36 +0100},
  biburl	= {https://dblp.org/rec/bib/journals/pacmpl/NuytsVD17},
  bibsource	= {dblp computer science bibliography, https://dblp.org}
}

@InProceedings{	  nuytsDevriese:lics18,
  author	= {Andreas Nuyts and Dominique Devriese},
  title		= {Degrees of Relatedness -- A Unified Framework for
		  Parametricity, Irrelevance, Ad Hoc Polymorphism,
		  Intersections, Unions and Algebra in Dependent Type
		  Theory},
  optcrossref	= {},
  optkey	= {},
  booktitle	= lics18,
  year		= 2018,
  opteditor	= {},
  optvolume	= {},
  optnumber	= {},
  optseries	= {},
  optpages	= {},
  optmonth	= {},
  optaddress	= {},
  optorganization={},
  optpublisher	= {},
  note		= {Accepted for publication},
  opturl	= {},
  optpostscript	= {},
  optpdf	= {},
  optdvi	= {},
  optabstract	= {}
}

@InProceedings{	  deMoura:cade15,
  author	= {Leonardo Mendon{\c{c}}a de Moura and Soonho Kong and
		  Jeremy Avigad and Floris van Doorn and Jakob von Raumer},
  title		= {The {Lean} Theorem Prover (System Description)},
  booktitle	= cade15,
  pages		= {378--388},
  year		= 2015,
  crossref	= {DBLP:conf/cade/2015},
  url		= {https://doi.org/10.1007/978-3-319-21401-6_26},
  timestamp	= {Sun, 21 May 2017 00:17:17 +0200},
  biburl	= {https://dblp.org/rec/bib/conf/cade/MouraKADR15},
  bibsource	= {dblp computer science bibliography, https://dblp.org}
}

@InProceedings{	  gonthier:itp13,
  author	= {Georges Gonthier and Andrea Asperti and Jeremy Avigad and
		  Yves Bertot and Cyril Cohen and Fran{\c{c}}ois Garillot and
		  St{\'{e}}phane Le Roux and Assia Mahboubi and Russell
		  O'Connor and Sidi Ould Biha and Ioana Pasca and Laurence
		  Rideau and Alexey Solovyev and Enrico Tassi and Laurent
		  Th{\'{e}}ry},
  title		= {A Machine-Checked Proof of the Odd Order Theorem},
  booktitle	= itp13,
  pages		= {163--179},
  year		= 2013,
  crossref	= {DBLP:conf/itp/2013},
  url		= {https://doi.org/10.1007/978-3-642-39634-2_14},
  timestamp	= {Thu, 15 Jun 2017 21:38:54 +0200},
  biburl	= {https://dblp.org/rec/bib/conf/itp/GonthierAABCGRMOBPRSTT13},
  bibsource	= {dblp computer science bibliography, https://dblp.org}
}

@Article{	  gonthier:ams08,
  author	= {Georges Gonthier},
  title		= {Formal Proof -- The Four Colour Theorem},
  journal	= {Notices of the AMS},
  year		= 2008,
  volume	= 55,
  number	= 11,
  pages		= {1382--1392}
}

@Unpublished{	  shulman:cohesiveTT,
  author	= {Michael Shulman},
  title		= {Brouwer's Fixed-Point Theorem in Real-Cohesive Homotopy
		  Type Theory},
  note		= {arXiv Preprint},
  key		= {arXiv:1509.07584 [math.CT]},
  year		= 2015,
  url		= {http://arxiv.org/abs/1509.07584}
}

@InProceedings{	  atkey:lics18,
  author	= {Robert Atkey},
  title		= {The Syntax and Semantics of Quantitative Type Theory},
  optcrossref	= {},
  optkey	= {},
  booktitle	= lics18,
  year		= 2018,
  note		= {Accepted for publication},
  opteditor	= {},
  optvolume	= {},
  optnumber	= {},
  optseries	= {},
  optpages	= {},
  optmonth	= {},
  optaddress	= {},
  optorganization={},
  optpublisher	= {},
  optnote	= {},
  url		= {https://bentnib.org/quantitative-type-theory.html},
  optpostscript	= {},
  optpdf	= {},
  optdvi	= {},
  optabstract	= {}
}

@Manual{	  inria:coq87,
  title		= {The {Coq} Proof Assistant Reference Manual},
  author	= {INRIA},
  organization	= {INRIA},
  edition	= {Version 8.7},
  year		= 2017,
  url		= {http://coq.inria.fr/}
}

@Article{	  coquandHuet:CoC,
  author	= {Thierry Coquand and G{\'e}rard P. Huet},
  title		= {The Calculus of Constructions},
  journal	= infcomp,
  volume	= 76,
  number	= {2/3},
  year		= 1988,
  pages		= {95--120},
  url		= {https://doi.org/10.1016/0890-5401(88)90005-3},
  timestamp	= {Thu, 18 May 2017 09:54:18 +0200},
  biburl	= {http://dblp.org/rec/bib/journals/iandc/CoquandH88},
  bibsource	= {dblp computer science bibliography, http://dblp.org}
}

@InProceedings{	  coquand:patternmatching,
  author	= {Thierry Coquand},
  title		= {Pattern Matching with Dependent Types},
  booktitle	= types92,
  pages		= {71--83},
  year		= 1992,
  url		= {http://www.cse.chalmers.se/~coquand/pattern.ps}
}

@InProceedings{	  deVriesPlasmeijerAbrahamson:ifl07,
  author	= {Edsko de Vries and Rinus Plasmeijer and David M.
		  Abrahamson},
  title		= {Uniqueness Typing Simplified},
  booktitle	= ifl07,
  pages		= {201--218},
  year		= 2007,
  crossref	= {DBLP:conf/ifl/2007},
  url		= {https://doi.org/10.1007/978-3-540-85373-2_12},
  timestamp	= {Tue, 13 Jun 2017 10:37:56 +0200},
  biburl	= {https://dblp.org/rec/bib/conf/ifl/VriesPA07},
  bibsource	= {dblp computer science bibliography, https://dblp.org}
}

@InProceedings{	  plasmeijer:clean,
  author	= {T. H. Brus and Marko C. J. D. van Eekelen and M. O. van
		  Leer and Marinus J. Plasmeijer},
  title		= {{CLEAN:} {A} language for functional graph writing},
  booktitle	= fpca87,
  pages		= {364--384},
  year		= 1987,
  crossref	= {DBLP:conf/fpca/1987},
  url		= {https://doi.org/10.1007/3-540-18317-5_20},
  timestamp	= {Fri, 19 May 2017 13:10:46 +0200},
  biburl	= {https://dblp.org/rec/bib/conf/fpca/BrusELP87},
  bibsource	= {dblp computer science bibliography, https://dblp.org}
}

@Article{	  ishtiaqPym:jlc98,
  author	= {Samin S. Ishtiaq and David J. Pym},
  title		= {A Relevant Analysis of Natural Deduction},
  journal	= jlc,
  volume	= 8,
  number	= 6,
  pages		= {809--838},
  year		= 1998,
  url		= {https://doi.org/10.1093/logcom/8.6.809},
  timestamp	= {Wed, 17 May 2017 14:25:55 +0200},
  biburl	= {https://dblp.org/rec/bib/journals/logcom/IshtiaqP98},
  bibsource	= {dblp computer science bibliography, https://dblp.org}
}

@InProceedings{	  mishraLingerSheard:fossacs08,
  author	= {Nathan Mishra{-}Linger and Tim Sheard},
  title		= {Erasure and Polymorphism in Pure Type Systems},
  booktitle	= fossacs08,
  pages		= {350--364},
  year		= 2008,
  crossref	= {DBLP:conf/fossacs/2008},
  url		= {https://doi.org/10.1007/978-3-540-78499-9_25},
  timestamp	= {Tue, 23 May 2017 01:08:04 +0200},
  biburl	= {https://dblp.org/rec/bib/conf/fossacs/Mishra-LingerS08},
  bibsource	= {dblp computer science bibliography, https://dblp.org}
}

@InProceedings{	  licataShulmanRiley:fscd17,
  author	= {Daniel R. Licata and Michael Shulman and Mitchell Riley},
  title		= {A Fibrational Framework for Substructural and Modal
		  Logics},
  booktitle	= fscd17,
  pages		= {25:1--25:22},
  year		= 2017,
  crossref	= {DBLP:conf/rta/2017},
  url		= {https://doi.org/10.4230/LIPIcs.FSCD.2017.25},
  timestamp	= {Sun, 12 Nov 2017 16:01:30 +0100},
  biburl	= {https://dblp.org/rec/bib/conf/rta/LicataSR17},
  bibsource	= {dblp computer science bibliography, https://dblp.org}
}

@Article{	  licata:internalUniverses,
  author	= {Daniel R. Licata and Ian Orton and Andrew M. Pitts and Bas
		  Spitters},
  title		= {Internal Universes in Models of Homotopy Type Theory},
  journal	= corr,
  volume	= {abs/1801.07664},
  year		= 2018,
  url		= {http://arxiv.org/abs/1801.07664},
  archiveprefix	= {arXiv},
  eprint	= {1801.07664},
  timestamp	= {Fri, 02 Feb 2018 14:20:25 +0100},
  biburl	= {https://dblp.org/rec/bib/journals/corr/abs-1801-07664},
  bibsource	= {dblp computer science bibliography, https://dblp.org}
}

@InProceedings{	  sergeyVytiniotisPeytonJones:popl14,
  author	= {Ilya Sergey and Dimitrios Vytiniotis and Simon L. {Peyton
		  Jones}},
  title		= {Modular, higher-order cardinality analysis in theory and
		  practice},
  booktitle	= popl14,
  pages		= {335--348},
  year		= {2014},
  crossref	= {DBLP:conf/popl/2014},
  url		= {http://doi.acm.org/10.1145/2535838.2535861},
  timestamp	= {Thu, 09 Jan 2014 08:32:32 +0100},
  biburl	= {http://dblp.uni-trier.de/rec/bib/conf/popl/SergeyVJ14},
  bibsource	= {dblp computer science bibliography, http://dblp.org}
}

@InProceedings{	  reedPierce:icfp10,
  author	= {Jason Reed and Benjamin C. Pierce},
  title		= {Distance makes the types grow stronger: a calculus for
		  differential privacy},
  booktitle	= icfp10,
  pages		= {157--168},
  year		= 2010,
  crossref	= {DBLP:conf/icfp/2010},
  url		= {http://doi.acm.org/10.1145/1863543.1863568},
  timestamp	= {Thu, 14 Mar 2013 17:56:42 +0100},
  biburl	= {https://dblp.org/rec/bib/conf/icfp/ReedP10},
  bibsource	= {dblp computer science bibliography, https://dblp.org}
}

@Article{	  barendregt:lambdacube,
  author	= {Henk Barendregt},
  title		= {Introduction to Generalized Type Systems},
  journal	= jfp,
  volume	= 1,
  number	= 2,
  pages		= {125--154},
  year		= 1991,
  timestamp	= {Fri, 19 Mar 2004 13:37:10 +0100},
  biburl	= {http://dblp.uni-trier.de/rec/bib/journals/jfp/Barendregt91},
  bibsource	= {dblp computer science bibliography, http://dblp.org}
}

@InProceedings{	  barrasBernardo:fossacs08,
  author	= {Bruno Barras and Bruno Bernardo},
  title		= {The Implicit Calculus of Constructions as a Programming
		  Language with Dependent Types},
  booktitle	= fossacs08,
  pages		= {365--379},
  year		= 2008,
  crossref	= {DBLP:conf/fossacs/2008},
  url		= {https://doi.org/10.1007/978-3-540-78499-9_26},
  timestamp	= {Tue, 23 May 2017 01:08:04 +0200},
  biburl	= {https://dblp.org/rec/bib/conf/fossacs/BarrasB08},
  bibsource	= {dblp computer science bibliography, https://dblp.org}
}

@InProceedings{	  orchard:icfp16,
  author	= {Marco Gaboardi and Shin{-}ya Katsumata and Dominic A.
		  Orchard and Flavien Breuvart and Tarmo Uustalu},
  title		= {Combining effects and coeffects via grading},
  booktitle	= icfp16,
  pages		= {476--489},
  year		= 2016,
  crossref	= {DBLP:conf/icfp/2016},
  url		= {http://doi.acm.org/10.1145/2951913.2951939},
  timestamp	= {Sat, 16 Sep 2017 12:08:31 +0200},
  biburl	= {https://dblp.org/rec/bib/conf/icfp/GaboardiKOBU16},
  bibsource	= {dblp computer science bibliography, https://dblp.org}
}

@InProceedings{	  orchard:icfp14,
  author	= {Tomas Petricek and Dominic A. Orchard and Alan Mycroft},
  title		= {Coeffects: a calculus of context-dependent computation},
  booktitle	= icfp14,
  pages		= {123--135},
  year		= 2014,
  crossref	= {DBLP:conf/icfp/2014},
  url		= {http://doi.acm.org/10.1145/2628136.2628160},
  timestamp	= {Wed, 06 Sep 2017 14:36:39 +0200},
  biburl	= {https://dblp.org/rec/bib/conf/icfp/PetricekOM14},
  bibsource	= {dblp computer science bibliography, https://dblp.org}
}

@Article{	  abelVezzosiWinterhalter:icfp17,
  author	= {Andreas Abel and Andrea Vezzosi and Th{\'{e}}o
		  Winterhalter},
  title		= {Normalization by evaluation for sized dependent types},
  journal	= pacmpl,
  volume	= {1},
  number	= {{ICFP}},
  pages		= {33:1--33:30},
  year		= {2017},
  url		= {http://doi.acm.org/10.1145/3110277},
  timestamp	= {Tue, 12 Sep 2017 16:16:51 +0200},
  biburl	= {https://dblp.org/rec/bib/journals/pacmpl/0001VW17},
  bibsource	= {dblp computer science bibliography, https://dblp.org}
}

@Article{	  abelScherer:types10,
  author	= {Andreas Abel and Gabriel Scherer},
  title		= {On Irrelevance and Algorithmic Equality in Predicative
		  Type Theory},
  journal	= lmcs,
  volume	= 8,
  number	= {1:29},
  year		= 2012,
  pages		= {1--36},
  note		= {{TYPES}'10 special issue.},
  url		= {https://doi.org/10.2168/LMCS-8(1:29)2012},
  timestamp	= {Wed, 03 May 2017 14:47:55 +0200},
  biburl	= {http://dblp.uni-trier.de/rec/bib/journals/corr/abs-1203-4716},
  bibsource	= {dblp computer science bibliography, http://dblp.org}
}

@Unpublished{	  abel:types18,
  author	= {Andreas Abel},
  title		= {Resourceful Dependent Types},
  note		= {Submitted to the 24th International Conference on Types
		  for Proofs and Programs (TYPES 2018)},
  optkey	= {},
  optmonth	= {},
  year		= {2018},
  url		= {http://www.cse.chalmers.se/~abela/types18.pdf},
  optpostscript	= {},
  optpdf	= {},
  optdvi	= {},
  optabstract	= {}
}

@InProceedings{	  abel:types15,
  author	= {Andreas Abel},
  title		= {The Next 700 Modal Type Assignment Systems},
  booktitle	= types15abs,
  year		= 2015,
  url		= {http://cs.ioc.ee/types15/abstracts-book/},
  publisher	= {Institute of Cybernetics at Tallinn University of
		  Technology}
}

@InProceedings{	  abelPientka:tlca11,
  author	= {Andreas Abel and Brigitte Pientka},
  title		= {Higher-Order Dynamic Pattern Unification for Dependent
		  Types and Records},
  booktitle	= tlca11,
  pages		= {10--26},
  year		= 2011,
  crossref	= {DBLP:conf/tlca/2011},
  url		= {https://doi.org/10.1007/978-3-642-21691-6_5},
  timestamp	= {Mon, 05 Jun 2017 12:41:42 +0200},
  biburl	= {https://dblp.org/rec/bib/conf/tlca/AbelP11},
  bibsource	= {dblp computer science bibliography, https://dblp.org}
}

@Article{	  abelOhmanVezzosi:popl18,
  author	= {Andreas Abel and Joakim {\"{O}}hman and Andrea Vezzosi},
  title		= {Decidability of conversion for type theory in type
		  theory},
  journal	= pacmpl,
  volume	= {2},
  number	= {{POPL}},
  pages		= {23:1--23:29},
  year		= {2018},
  url		= {http://doi.acm.org/10.1145/3158111},
  timestamp	= {Fri, 05 Jan 2018 12:57:30 +0100},
  biburl	= {http://dblp.org/rec/bib/journals/pacmpl/0001OV18},
  bibsource	= {dblp computer science bibliography, http://dblp.org}
}

@Article{	  abel:mscs06,
  author	= {Andreas Abel},
  title		= {Polarized Subtyping for Sized Types},
  journal	= mscs,
  year		= 2008,
  volume	= 18,
  number	= 5,
  pages		= {797--822},
  note		= {Special issue on subtyping, edited by Healfdene Goguen and
		  Adriana Compagnoni.},
  url		= {https://doi.org/10.1017/S0960129508006853},
  timestamp	= {Sun, 28 May 2017 13:25:37 +0200},
  biburl	= {https://dblp.org/rec/bib/journals/mscs/Abel08},
  bibsource	= {dblp computer science bibliography, https://dblp.org}
}

@Article{	  bernardy:popl18,
  author	= {Jean{-}Philippe Bernardy and Mathieu Boespflug and Ryan R.
		  Newton and Simon Peyton Jones and Arnaud Spiwack},
  title		= {Linear Haskell: practical linearity in a higher-order
		  polymorphic language},
  journal	= pacmpl,
  volume	= 2,
  number	= {{POPL}},
  pages		= {5:1--5:29},
  year		= 2018,
  url		= {http://doi.acm.org/10.1145/3158093},
  timestamp	= {Fri, 05 Jan 2018 12:57:30 +0100},
  biburl	= {https://dblp.org/rec/bib/journals/pacmpl/BernardyBNJS18},
  bibsource	= {dblp computer science bibliography, https://dblp.org}
}

@Misc{		  agdawiki,
  author	= {{AgdaTeam}},
  title		= {The {A}gda {W}iki},
  year		= 2018,
  url		= {http://wiki.portal.chalmers.se/agda}
}

@PhDThesis{	  norell:PhD,
  author	= {Ulf Norell},
  title		= {Towards a Practical Programming Language Based on
		  Dependent Type Theory},
  school	= csechalmers,
  year		= 2007,
  url		= {http://www.cse.chalmers.se/~ulfn/papers/thesis.pdf},
  address	= {G\"{o}teborg, Sweden}
}

@InProceedings{	  mcBride:wadler60,
  author	= {Conor McBride},
  title		= {I Got Plenty o' Nuttin'},
  booktitle	= wadler60,
  pages		= {207--233},
  year		= {2016},
  crossref	= {DBLP:conf/birthday/2016wadler},
  url		= {http://dx.doi.org/10.1007/978-3-319-30936-1_12},
  timestamp	= {Wed, 30 Mar 2016 16:55:42 +0200},
  biburl	= {http://dblp.uni-trier.de/rec/bib/conf/birthday/McBride16},
  bibsource	= {dblp computer science bibliography, http://dblp.org}
}

@InProceedings{	  pfenning:lics01,
  author	= {Frank Pfenning},
  title		= {Intensionality, Extensionality, and Proof Irrelevance in
		  Modal Type Theory},
  booktitle	= lics01,
  pages		= {221--230},
  year		= 2001,
  crossref	= {DBLP:conf/lics/2001},
  url		= {http://dx.doi.org/10.1109/LICS.2001.932499},
  timestamp	= {Sat, 22 Nov 2014 13:44:40 +0100},
  biburl	= {http://dblp.uni-trier.de/rec/bib/conf/lics/Pfenning01},
  bibsource	= {dblp computer science bibliography, http://dblp.org}
}

@Article{	  girard:linear,
  author	= {Jean{-}Yves Girard},
  title		= {Linear Logic},
  journal	= tcs,
  volume	= 50,
  pages		= {1--102},
  year		= 1987,
  url		= {https://doi.org/10.1016/0304-3975(87)90045-4},
  timestamp	= {Sat, 30 Dec 2017 13:59:02 +0100},
  biburl	= {https://dblp.org/rec/bib/journals/tcs/Girard87},
  bibsource	= {dblp computer science bibliography, https://dblp.org}
}

@InProceedings{	  cohenCoquandHuberMortberg:cubical,
  author	= {Cyril Cohen and Thierry Coquand and Simon Huber and Anders
		  M{\"{o}}rtberg},
  title		= {Cubical Type Theory: {A} Constructive Interpretation of
		  the Univalence Axiom},
  booktitle	= types15,
  pages		= {5:1--5:34},
  year		= 2015,
  crossref	= {DBLP:conf/types/2015},
  url		= {https://doi.org/10.4230/LIPIcs.TYPES.2015.5},
  timestamp	= {Fri, 16 Mar 2018 10:29:43 +0100},
  biburl	= {https://dblp.org/rec/bib/conf/types/CohenCHM15},
  bibsource	= {dblp computer science bibliography, https://dblp.org}
}

@Article{	  daviesPfenning:jacm01,
  author	= {Rowan Davies and Frank Pfenning},
  title		= {A modal analysis of staged computation},
  journal	= jacm,
  volume	= 48,
  number	= 3,
  pages		= {555--604},
  year		= 2001,
  url		= {http://doi.acm.org/10.1145/382780.382785},
  timestamp	= {Thu, 20 Nov 2003 12:28:07 +0100},
  biburl	= {https://dblp.org/rec/bib/journals/jacm/DaviesP01},
  bibsource	= {dblp computer science bibliography, https://dblp.org}
}

@Article{	  nanevskiPfenningPientka:cmtt,
  author	= {Aleksandar Nanevski and Frank Pfenning and Brigitte
		  Pientka},
  title		= {Contextual modal type theory},
  journal	= acmtocl,
  volume	= 9,
  number	= 3,
  pages		= {23:1--23:49},
  year		= 2008,
  url		= {http://doi.acm.org/10.1145/1352582.1352591},
  timestamp	= {Mon, 09 Jan 2017 14:08:26 +0100},
  biburl	= {https://dblp.org/rec/bib/journals/tocl/NanevskiPP08},
  bibsource	= {dblp computer science bibliography, https://dblp.org}
}

@InProceedings{	  brunel:esop14,
  author	= {Alo{\"{\i}}s Brunel and Marco Gaboardi and Damiano Mazza
		  and Steve Zdancewic},
  title		= {A Core Quantitative Coeffect Calculus},
  booktitle	= esop14,
  pages		= {351--370},
  year		= 2014,
  crossref	= {DBLP:conf/esop/2014},
  url		= {https://doi.org/10.1007/978-3-642-54833-8_19},
  timestamp	= {Fri, 19 May 2017 01:25:18 +0200},
  biburl	= {https://dblp.org/rec/bib/conf/esop/BrunelGMZ14},
  bibsource	= {dblp computer science bibliography, https://dblp.org}
}

@Article{	  brady:jfp13,
  author	= {Edwin Brady},
  title		= {Idris, a general-purpose dependently typed programming
		  language: Design and implementation},
  journal	= jfp,
  volume	= 23,
  number	= 5,
  pages		= {552--593},
  year		= 2013,
  url		= {http://dx.doi.org/10.1017/S095679681300018X},
  timestamp	= {Tue, 05 Nov 2013 14:59:48 +0100},
  biburl	= {http://dblp.uni-trier.de/rec/bib/journals/jfp/Brady13},
  bibsource	= {dblp computer science bibliography, http://dblp.org}
}

@InProceedings{	  barendsenSmetsers:fsttcs93,
  author	= {Erik Barendsen and Sjaak Smetsers},
  title		= {Conventional and Uniqueness Typing in Graph Rewrite
		  Systems},
  booktitle	= fsttcs93,
  pages		= {41--51},
  year		= 1993,
  crossref	= {DBLP:conf/fsttcs/1993},
  url		= {https://doi.org/10.1007/3-540-57529-4_42},
  timestamp	= {Sat, 20 May 2017 15:32:54 +0200},
  biburl	= {https://dblp.org/rec/bib/conf/fsttcs/BarendsenS93},
  bibsource	= {dblp computer science bibliography, https://dblp.org}
}

@Article{	  cockxDevriesePiessens:jfp16,
  author	= {Jesper Cockx and Dominique Devriese and Frank Piessens},
  title		= {Eliminating dependent pattern matching without {K}},
  journal	= jfp,
  volume	= 26,
  pages		= {e16},
  year		= 2016,
  url		= {https://doi.org/10.1017/S0956796816000174},
  timestamp	= {Thu, 15 Jun 2017 21:30:55 +0200},
  biburl	= {https://dblp.org/rec/bib/journals/jfp/CockxDP16},
  bibsource	= {dblp computer science bibliography, https://dblp.org}
}

@InProceedings{	  cockxDevriesePiessens:icfp16,
  author	= {Jesper Cockx and Dominique Devriese and Frank Piessens},
  title		= {Unifiers as equivalences: proof-relevant unification of
		  dependently typed data},
  booktitle	= icfp16,
  pages		= {270--283},
  year		= 2016,
  crossref	= {DBLP:conf/icfp/2016},
  url		= {http://doi.acm.org/10.1145/2951913.2951917},
  timestamp	= {Mon, 06 Nov 2017 12:14:25 +0100},
  biburl	= {https://dblp.org/rec/bib/conf/icfp/CockxDP16},
  bibsource	= {dblp computer science bibliography, https://dblp.org}
}

@InProceedings{	  wadler:free,
  author	= {Philip Wadler},
  title		= {Theorems for Free!},
  booktitle	= fpca89,
  pages		= {347--359},
  year		= 1989,
  crossref	= {DBLP:conf/fpca/1989},
  url		= {http://doi.acm.org/10.1145/99370.99404},
  timestamp	= {Thu, 12 Nov 2015 12:04:24 +0100},
  biburl	= {https://dblp.org/rec/bib/conf/fpca/Wadler89},
  bibsource	= {dblp computer science bibliography, https://dblp.org}
}

@InProceedings{	  wadler:pepm91,
  author	= {Philip Wadler},
  title		= {Is There a Use for Linear Logic?},
  booktitle	= pepm91,
  pages		= {255--273},
  year		= 1991,
  crossref	= {DBLP:conf/pepm/1991},
  url		= {http://doi.acm.org/10.1145/115865.115894},
  timestamp	= {Tue, 22 May 2012 15:24:56 +0200},
  biburl	= {http://dblp.uni-trier.de/rec/bib/conf/pepm/Wadler91},
  bibsource	= {dblp computer science bibliography, http://dblp.org}
}

@InProceedings{	  verstoepHage:pepm15,
  author	= {Hidde Verstoep and Jurriaan Hage},
  title		= {Polyvariant Cardinality Analysis for Non-strict
		  Higher-order Functional Languages: Brief Announcement},
  booktitle	= pepm15,
  pages		= {139--142},
  year		= 2015,
  crossref	= {DBLP:conf/pepm/2015},
  url		= {http://doi.acm.org/10.1145/2678015.2682536},
  timestamp	= {Tue, 18 Jul 2017 14:13:01 +0200},
  biburl	= {https://dblp.org/rec/bib/conf/pepm/VerstoepH15},
  bibsource	= {dblp computer science bibliography, https://dblp.org}
}

@InProceedings{	  ghicaSmith:esop14,
  author	= {Dan R. Ghica and Alex I. Smith},
  title		= {Bounded Linear Types in a Resource Semiring},
  booktitle	= esop14,
  pages		= {331--350},
  year		= 2014,
  crossref	= {DBLP:conf/esop/2014},
  url		= {https://doi.org/10.1007/978-3-642-54833-8_18},
  timestamp	= {Fri, 19 May 2017 01:25:18 +0200},
  biburl	= {https://dblp.org/rec/bib/conf/esop/GhicaS14},
  bibsource	= {dblp computer science bibliography, https://dblp.org}
}

@Article{	  milner:goWrong,
  author	= {Robin Milner},
  title		= {A Theory of Type Polymorphism in Programming},
  journal	= jcss,
  year		= 1978,
  volume	= 17,
  number	= 3,
  pages		= {348--375},
  url		= {https://doi.org/10.1016/0022-0000(78)90014-4},
  timestamp	= {Sat, 20 May 2017 00:25:55 +0200},
  biburl	= {https://dblp.org/rec/bib/journals/jcss/Milner78},
  bibsource	= {dblp computer science bibliography, https://dblp.org}
}

@Article{	  schreiber:differentialCohomology,
  author	= {Urs Schreiber},
  title		= {Differential cohomology in a cohesive infinity-topos},
  journal	= {ArXiv e-prints},
  archiveprefix	= "arXiv",
  eprint	= {1310.7930},
  primaryclass	= "math-ph",
  keywords	= {Mathematical Physics, High Energy Physics - Theory,
		  Mathematics - Algebraic Topology, Mathematics -
		  Differential Geometry},
  year		= 2013,
  url		= {https://arxiv.org/abs/1310.7930},
  adsurl	= {http://adsabs.harvard.edu/abs/2013arXiv1310.7930S},
  adsnote	= {Provided by the SAO/NASA Astrophysics Data System}
}

@Article{	  leroy:cacm09,
  author	= {Xavier Leroy},
  title		= {Formal verification of a realistic compiler},
  journal	= cacm,
  volume	= 52,
  number	= 7,
  pages		= {107--115},
  year		= 2009,
  url		= {http://doi.acm.org/10.1145/1538788.1538814},
  timestamp	= {Thu, 02 Jul 2009 13:36:32 +0200},
  biburl	= {https://dblp.org/rec/bib/journals/cacm/Leroy09},
  bibsource	= {dblp computer science bibliography, https://dblp.org}
}

@InProceedings{	  mogensen:ifl97,
  author	= {Torben {\AE}. Mogensen},
  title		= {Types for 0, 1 or Many Uses},
  pages		= {112--122},
  year		= 1997,
  crossref	= {DBLP:conf/ifl/1997},
  url		= {https://doi.org/10.1007/BFb0055427},
  timestamp	= {Tue, 23 May 2017 11:53:58 +0200},
  biburl	= {https://dblp.org/rec/bib/conf/ifl/Mogensen97},
  bibsource	= {dblp computer science bibliography, https://dblp.org}
}

@Proceedings{	  DBLP:conf/icfp/2016,
  title		= icfp16,
  booktitle	= icfp16,
  publisher	= acm,
  year		= 2016,
  url		= {http://doi.acm.org/10.1145/2951913},
  timestamp	= {Tue, 30 Aug 2016 13:45:53 +0200},
  biburl	= {https://dblp.org/rec/bib/conf/icfp/2016},
  bibsource	= {dblp computer science bibliography, https://dblp.org}
}

@Proceedings{	  DBLP:conf/icfp/2010,
  title		= icfp10,
  booktitle	= icfp10,
  publisher	= acm,
  year		= 2010,
  timestamp	= {Fri, 08 Oct 2010 07:46:10 +0200},
  biburl	= {https://dblp.org/rec/bib/conf/icfp/2010},
  bibsource	= {dblp computer science bibliography, https://dblp.org}
}

@Proceedings{	  DBLP:conf/icfp/2014,
  title		= icfp14,
  booktitle	= icfp14,
  publisher	= acm,
  year		= {2014},
  url		= {http://dl.acm.org/citation.cfm?id=2628136},
  timestamp	= {Thu, 20 Nov 2014 18:05:13 +0100},
  biburl	= {http://dblp.uni-trier.de/rec/bib/conf/icfp/2014},
  bibsource	= {dblp computer science bibliography, http://dblp.org}
}

@Proceedings{	  DBLP:conf/rta/2017,
  title		= fscd17,
  booktitle	= fscd17,
  series	= lipics,
  volume	= 84,
  publisher	= dagstuhl,
  year		= 2017,
  url		= {http://www.dagstuhl.de/dagpub/978-3-95977-047-7},
  timestamp	= {Sun, 12 Nov 2017 16:01:30 +0100},
  biburl	= {https://dblp.org/rec/bib/conf/rta/2017},
  bibsource	= {dblp computer science bibliography, https://dblp.org}
}

@Proceedings{	  DBLP:conf/lics/2001,
  title		= lics01,
  booktitle	= lics01,
  publisher	= ieee,
  year		= {2001},
  url		= {http://ieeexplore.ieee.org/xpl/mostRecentIssue.jsp?punumber=7424},
  timestamp	= {Fri, 21 Nov 2014 14:08:56 +0100},
  biburl	= {http://dblp.uni-trier.de/rec/bib/conf/lics/2001},
  bibsource	= {dblp computer science bibliography, http://dblp.org}
}

@Proceedings{	  DBLP:conf/pepm/2015,
  title		= pepm15,
  booktitle	= pepm15,
  publisher	= acm,
  year		= 2015,
  url		= {http://dl.acm.org/citation.cfm?id=2678015},
  timestamp	= {Tue, 18 Jul 2017 14:13:01 +0200},
  biburl	= {https://dblp.org/rec/bib/conf/pepm/2015},
  bibsource	= {dblp computer science bibliography, https://dblp.org}
}

@Proceedings{	  DBLP:conf/pepm/1991,
  title		= pepm91,
  booktitle	= pepm91,
  publisher	= acm,
  year		= 1991,
  url		= {http://dl.acm.org/citation.cfm?id=115865},
  timestamp	= {Tue, 22 May 2012 15:24:56 +0200},
  biburl	= {http://dblp.uni-trier.de/rec/bib/conf/pepm/1991},
  bibsource	= {dblp computer science bibliography, http://dblp.org}
}

@Proceedings{	  DBLP:conf/fsttcs/1993,
  title		= fsttcs93,
  series	= lncs,
  volume	= 761,
  publisher	= springer,
  year		= 1993,
  url		= {https://doi.org/10.1007/3-540-57529-4},
  timestamp	= {Sat, 20 May 2017 15:32:54 +0200},
  biburl	= {https://dblp.org/rec/bib/conf/fsttcs/1993},
  bibsource	= {dblp computer science bibliography, https://dblp.org}
}

@Proceedings{	  DBLP:conf/cade/2015,
  title		= cade15,
  booktitle	= cade15,
  series	= lncs,
  volume	= 9195,
  publisher	= springer,
  year		= 2015,
  url		= {https://doi.org/10.1007/978-3-319-21401-6},
  timestamp	= {Sun, 21 May 2017 00:17:17 +0200},
  biburl	= {https://dblp.org/rec/bib/conf/cade/2015},
  bibsource	= {dblp computer science bibliography, https://dblp.org}
}

@Proceedings{	  DBLP:conf/popl/2014,
  title		= popl14,
  booktitle	= popl14,
  publisher	= acm,
  year		= {2014},
  url		= {http://dl.acm.org/citation.cfm?id=2535838},
  timestamp	= {Thu, 09 Jan 2014 08:21:22 +0100},
  biburl	= {http://dblp.uni-trier.de/rec/bib/conf/popl/2014},
  bibsource	= {dblp computer science bibliography, http://dblp.org}
}

@Proceedings{	  DBLP:conf/ifl/1997,
  title		= ifl97,
  booktitle	= ifl97,
  series	= lncs,
  volume	= {1467},
  publisher	= springer,
  year		= {1998},
  url		= {https://doi.org/10.1007/BFb0055420},
  timestamp	= {Tue, 23 May 2017 11:53:58 +0200},
  biburl	= {https://dblp.org/rec/bib/conf/ifl/1997},
  bibsource	= {dblp computer science bibliography, https://dblp.org}
}

@Proceedings{	  DBLP:conf/ifl/2007,
  title		= ifl07,
  booktitle	= ifl07,
  series	= lncs,
  volume	= 5083,
  publisher	= springer,
  year		= 2008,
  url		= {https://doi.org/10.1007/978-3-540-85373-2},
  timestamp	= {Tue, 13 Jun 2017 10:37:56 +0200},
  biburl	= {https://dblp.org/rec/bib/conf/ifl/2007},
  bibsource	= {dblp computer science bibliography, https://dblp.org}
}

@Proceedings{	  DBLP:conf/esop/2014,
  title		= esop14,
  booktitle	= esop14,
  series	= lncs,
  volume	= 8410,
  publisher	= springer,
  year		= 2014,
  url		= {https://doi.org/10.1007/978-3-642-54833-8},
  timestamp	= {Fri, 19 May 2017 01:25:18 +0200},
  biburl	= {https://dblp.org/rec/bib/conf/esop/2014},
  bibsource	= {dblp computer science bibliography, https://dblp.org}
}

@Proceedings{	  DBLP:conf/fossacs/2008,
  title		= fossacs08,
  booktitle	= fossacs08,
  publisher	= springer,
  series	= lncs,
  volume	= 4962,
  year		= 2008,
  url		= {https://doi.org/10.1007/978-3-540-78499-9},
  timestamp	= {Tue, 23 May 2017 01:08:04 +0200},
  biburl	= {http://dblp2.uni-trier.de/rec/bib/conf/fossacs/2008},
  bibsource	= {dblp computer science bibliography, http://dblp.org}
}

@Proceedings{	  DBLP:conf/types/2015,
  title		= types15,
  booktitle	= types15,
  series	= lipics,
  volume	= 69,
  publisher	= {Schloss Dagstuhl - Leibniz-Zentrum fuer Informatik},
  year		= 2018,
  url		= {http://www.dagstuhl.de/dagpub/978-3-95977-030-9},
  timestamp	= {Thu, 15 Mar 2018 18:49:50 +0100},
  biburl	= {https://dblp.org/rec/bib/conf/types/2015},
  bibsource	= {dblp computer science bibliography, https://dblp.org}
}

@Proceedings{	  DBLP:conf/fpca/1989,
  title		= fpca89,
  booktitle	= fpca89,
  publisher	= acm,
  year		= 1989,
  url		= {http://doi.acm.org/10.1145/99370},
  timestamp	= {Thu, 12 Nov 2015 12:04:24 +0100},
  biburl	= {https://dblp.org/rec/bib/conf/fpca/1989},
  bibsource	= {dblp computer science bibliography, https://dblp.org}
}

@Proceedings{	  DBLP:conf/fpca/1987,
  title		= fpca87,
  series	= lncs,
  volume	= {274},
  publisher	= springer,
  year		= {1987},
  url		= {https://doi.org/10.1007/3-540-18317-5},
  timestamp	= {Fri, 19 May 2017 13:10:46 +0200},
  biburl	= {https://dblp.org/rec/bib/conf/fpca/1987},
  bibsource	= {dblp computer science bibliography, https://dblp.org}
}

@Proceedings{	  DBLP:conf/tlca/2011,
  booktitle	= tlca11,
  publisher	= springer,
  series	= lncs,
  volume	= 6690,
  year		= 2011,
  ee		= {http://dx.doi.org/10.1007/978-3-642-21691-6},
  bibsource	= {DBLP, http://dblp.uni-trier.de}
}

@Proceedings{	  DBLP:conf/birthday/2016wadler,
  title		= wadler60,
  booktitle	= wadler60,
  series	= lncs,
  volume	= 9600,
  publisher	= springer,
  year		= 2016,
  url		= {http://dx.doi.org/10.1007/978-3-319-30936-1},
  timestamp	= {Wed, 30 Mar 2016 16:54:44 +0200},
  biburl	= {http://dblp.uni-trier.de/rec/bib/conf/birthday/2016wadler},
  bibsource	= {dblp computer science bibliography, http://dblp.org}
}

@Proceedings{	  DBLP:conf/itp/2013,
  title		= itp13,
  booktitle	= itp13,
  series	= lncs,
  volume	= 7998,
  publisher	= springer,
  year		= 2013,
  url		= {https://doi.org/10.1007/978-3-642-39634-2},
  timestamp	= {Sun, 21 May 2017 00:18:59 +0200},
  biburl	= {https://dblp.org/rec/bib/conf/itp/2013},
  bibsource	= {dblp computer science bibliography, https://dblp.org}
}


@inproceedings{mcbride:icfp14,
 author = {McBride, Conor Thomas},
 title = {How to Keep Your Neighbours in Order},
 booktitle = {Proceedings of the 19th ACM SIGPLAN International Conference on Functional Programming},
 series = {ICFP '14},
 year = {2014},
 isbn = {978-1-4503-2873-9},
 location = {Gothenburg, Sweden},
 pages = {297--309},
 numpages = {13},
 url = {http://doi.acm.org/10.1145/2628136.2628163},
 doi = {10.1145/2628136.2628163},
 acmid = {2628163},
 publisher = {ACM},
 address = {New York, NY, USA},
 keywords = {agda, balancing, dependent types, ordering, sorting},
}


@inproceedings{hinzeGibbons:icfp13,
 author = {Hinze, Ralf and Wu, Nicolas and Gibbons, Jeremy},
 title = {Unifying Structured Recursion Schemes},
 booktitle = {Proceedings of the 18th ACM SIGPLAN International Conference on Functional Programming},
 series = {ICFP '13},
 year = {2013},
 isbn = {978-1-4503-2326-0},
 location = {Boston, Massachusetts, USA},
 pages = {209--220},
 numpages = {12},
 url = {http://doi.acm.org/10.1145/2500365.2500578},
 doi = {10.1145/2500365.2500578},
 acmid = {2500578},
 publisher = {ACM},
 address = {New York, NY, USA},
 keywords = {adjunctions, bialgebras, comonads, distributive laws, recursion schemes},
}

@article{rijkeSpitters:mscs15,
 title = {Sets in homotopy type theory},
 volume = {25},
 DOI = {10.1017/S0960129514000553},
 number = {5},
 journal = {Mathematical Structures in Computer Science},
 publisher = {Cambridge University Press},
 author = {RIJKE, EGBERT and SPITTERS, BAS},
 year = {2015},
 pages = {1172–1202}
}

@Book{hottbook,
  author =    {The {Univalent Foundations Program}},
  title =     {Homotopy Type Theory: Univalent Foundations of Mathematics},
  publisher = {\url{https://homotopytypetheory.org/book}},
  address =   {Institute for Advanced Study},
  year =      2013
  }

@InProceedings{	  hughesParetoSabry:popl96,
  author	= {John Hughes and Lars Pareto and Amr Sabry},
  title		= {Proving the Correctness of Reactive Systems Using Sized
		  Types},
  booktitle	= popl96,
  pages		= {410--423},
  year		= {1996},
  ee		= {http://doi.acm.org/10.1145/237721.240882},
  url		= {http://doi.acm.org/10.1145/237721.240882},
  doi		= {10.1145/237721.240882},
  timestamp	= {Mon, 21 May 2012 16:19:51 +0200},
  biburl	= {http://dblp.uni-trier.de/rec/bib/conf/popl/HughesPS96},
  bibsource	= {dblp computer science bibliography, http://dblp.org}
}

@InProceedings{	  gimenez:guardeddefinitions,
  author	= {Eduardo Gim\'enez},
  title		= {Codifying Guarded Definitions with Recursive Schemes},
  editor	= {Peter Dybjer and Bengt Nordstr\"{o}m and Jan Smith},
  volume	= 996,
  series	= lncs,
  pages		= {39--59},
  booktitle	= types94,
  year		= 1995,
  publisher	= springer,
  url		= {http://dx.doi.org/10.1007/3-540-60579-7_3},
  ee		= {http://dx.doi.org/10.1007/3-540-60579-7_3},
  doi		= {10.1007/3-540-60579-7_3},
  timestamp	= {Thu, 23 Jun 2011 19:51:07 +0200},
  biburl	= {http://dblp.uni-trier.de/rec/bib/conf/types/Gimenez94},
  bibsource	= {dblp computer science bibliography, http://dblp.org}
}

@Article{	  abelAltenkirch:jfp02,
  author	= {Andreas Abel and Thorsten Altenkirch},
  title		= {A Predicative Analysis of Structural Recursion},
  journal	= jfp,
  year		= 2002,
  volume	= 12,
  number	= 1,
  pages		= {1--41},
  ee		= {http://dx.doi.org/10.1017/S0956796801004191},
  url		= {http://dx.doi.org/10.1017/S0956796801004191},
  doi		= {10.1017/S0956796801004191},
  timestamp	= {Fri, 27 Sep 2013 20:12:09 +0200},
  biburl	= {http://dblp.uni-trier.de/rec/bib/journals/jfp/AbelA02},
  bibsource	= {dblp computer science bibliography, http://dblp.org}
}

@InProceedings{	  jones:sizeChange,
  author	= {Chin Soon Lee and Neil D. Jones and Amir M. Ben{-}Amram},
  title		= {The Size-Change Principle for Program Termination},
  booktitle	= popl01,
  pages		= {81--92},
  year		= {2001},
  url		= {http://doi.acm.org/10.1145/360204.360210},
  doi		= {10.1145/360204.360210},
  timestamp	= {Mon, 18 Mar 2013 08:39:18 +0100},
  biburl	= {http://dblp.uni-trier.de/rec/bib/conf/popl/LeeJB01},
  bibsource	= {dblp computer science bibliography, http://dblp.org},
  keywords	= {termination, program analysis, lexical order, pspace
		  hardness},
  summary	= {The ``size-change termination'' principle for a
		  first-order functional language with well-founded data is:
		  a program terminates on all inputs if {\em every infinite
		  call sequence} (following program control flow) would cause
		  an infinite descent in some data values. Size-change
		  analysis is based only on local approximations to parameter
		  size changes derivable from program syntax. The set of
		  infinite call sequences that follow program flow and can be
		  recognized as causing infinite descent is an
		  $\omega$-regular set, representable by a B\"uchi automaton.
		  Algorithms for such automata can be used to decide
		  size-change termination. We also give a direct algorithm
		  operating on ``size-change graphs'' (without the passage to
		  automata). Compared to other results in the literature,
		  termination analysis based on the size-change principle is
		  surprisingly simple and general: lexical orders (also
		  called lexicographic orders), indirect function calls and
		  permuted arguments (descent that is not {\em in-situ}) are
		  all handled {\em automatically and without special
		  treatment}, with no need for manually supplied argument
		  orders, or theorem-proving methods not certain to terminate
		  at analysis time. We establish the problem's {\em intrinsic
		  complexity}. This turns out to be surprisingly high,
		  complete for {\sc pspace}, in spite of the simplicity of
		  the principle. {\sc pspace} hardness is proved by a
		  reduction from Boolean program termination. An interesting
		  consequence: the same hardness result applies to many other
		  analyses found in the termination and quasi-termination
		  literature.}
}

@PhDThesis{	  wahlstedt:PhD,
  author	= {David Wahlstedt},
  title		= {Dependent Type Theory with Parameterized First-Order Data
		  Types and Well-Founded Recursion},
  school	= {Chalmers University of Technology},
  year		= 2007
}


@inproceedings{atkeyMcbride:icfp13,
 author = {Atkey, Robert and McBride, Conor},
 title = {Productive Coprogramming with Guarded Recursion},
 booktitle = {Proceedings of the 18th ACM SIGPLAN International Conference on Functional Programming},
 series = {ICFP '13},
 year = {2013},
 isbn = {978-1-4503-2326-0},
 location = {Boston, Massachusetts, USA},
 pages = {197--208},
 numpages = {12},
 url = {http://doi.acm.org/10.1145/2500365.2500597},
 doi = {10.1145/2500365.2500597},
 acmid = {2500597},
 publisher = {ACM},
 address = {New York, NY, USA},
 keywords = {coalgebras, corecursion, guarded recursion, total functional programming},
}


@article{trees:lmcs12,
  TITLE = {{First steps in synthetic guarded domain theory: step-indexing in the topos of trees}},
  AUTHOR = {Birkedal, Lars and Møgelberg, Rasmus Ejlers and Schwinghammer, Jan and Støvring, Kristian},
  URL = {https://lmcs.episciences.org/1041},
  DOI = {10.2168/LMCS-8(4:1)2012},
  JOURNAL = {{Logical Methods in Computer Science}},
  VOLUME = {{Volume 8, Issue 4}},
  YEAR = {2012},
  MONTH = Oct,
  KEYWORDS = {Computer Science - Logic in Computer Science ; D.3.1 ; F.3.2},
}


@inproceedings{kraus:lics16,
 author = {Kraus, Nicolai},
 title = {Constructions with Non-Recursive Higher Inductive Types},
 booktitle = {Proceedings of the 31st Annual ACM/IEEE Symposium on Logic in Computer Science},
 series = {LICS '16},
 year = {2016},
 isbn = {978-1-4503-4391-6},
 location = {New York, NY, USA},
 pages = {595--604},
 numpages = {10},
 url = {http://doi.acm.org/10.1145/2933575.2933586},
 doi = {10.1145/2933575.2933586},
 acmid = {2933586},
 publisher = {ACM},
 address = {New York, NY, USA},
 keywords = {higher inductive types, homotopy type theory, sequential colimits, truncation elimination, van Doorn construction},
}

@inproceedings{nakano:lics00,
 author = {Nakano, Hiroshi},
 title = {A Modality for Recursion},
 booktitle = {Proceedings of the 15th Annual IEEE Symposium on Logic in Computer Science},
 series = {LICS '00},
 year = {2000},
 isbn = {0-7695-0725-5},
 pages = {255--},
 url = {http://dl.acm.org/citation.cfm?id=788022.789002},
 acmid = {789002},
 publisher = {IEEE Computer Society},
 address = {Washington, DC, USA},
 keywords = {Logics of Programs, Modal and Temporal Logics, Specifications, Lambda and Combinatory Caluculi, Type Systems and Type Theory},
} 

@incollection{barendregt:93,
 author = {Barendregt, H. P.},
 chapter = {Lambda Calculi with Types},
 title = {Handbook of Logic in Computer Science (Vol. 2)},
 editor = {Abramsky, S. and Gabbay, Dov M. and Maibaum, S. E.},
 year = {1992},
 isbn = {0-19-853761-1},
 pages = {117--309},
 numpages = {193},
 url = {http://dl.acm.org/citation.cfm?id=162552.162561},
 acmid = {162561},
 publisher = {Oxford University Press, Inc.},
 address = {New York, NY, USA},
}

@INPROCEEDINGS{bahr:lics17,
author={P. Bahr and H. B. Grathwohl and R. E. Møgelberg},
booktitle={2017 32nd Annual ACM/IEEE Symposium on Logic in Computer Science (LICS)},
title={The clocks are ticking: No more delays!},
year={2017},
volume={},
number={},
pages={1-12},
keywords={type theory;clocked type theory;denotational models;guarded recursion;programming languages;reduction semantics;Calculus;Clocks;Cognition;Computer languages;Productivity;Programming;Semantics},
doi={10.1109/LICS.2017.8005097},
ISSN={},
month={June},}

@article{licataHarper:mfps11,
title = "2-Dimensional Directed Type Theory",
journal = "Electronic Notes in Theoretical Computer Science",
volume = "276",
pages = "263 - 289",
year = "2011",
note = "Twenty-seventh Conference on the Mathematical Foundations of Programming Semantics (MFPS XXVII)",
issn = "1571-0661",
doi = "https://doi.org/10.1016/j.entcs.2011.09.026",
url = "http://www.sciencedirect.com/science/article/pii/S1571066111001174",
author = "Daniel R. Licata and Robert Harper",
keywords = "type theory, category theorey, dependent types, homotopy type theory"
}

@inproceedings{atkeyGhaniJohann:popl14,
 author = {Atkey, Robert and Ghani, Neil and Johann, Patricia},
 title = {A Relationally Parametric Model of Dependent Type Theory},
 booktitle = {Proceedings of the 41st ACM SIGPLAN-SIGACT Symposium on Principles of Programming Languages},
 series = {POPL '14},
 year = {2014},
 isbn = {978-1-4503-2544-8},
 location = {San Diego, California, USA},
 pages = {503--515},
 numpages = {13},
 url = {http://doi.acm.org/10.1145/2535838.2535852},
 doi = {10.1145/2535838.2535852},
 acmid = {2535852},
 publisher = {ACM},
 address = {New York, NY, USA},
 keywords = {dependent type theory, relational parametricity},
}

@article{moulin:mfps15,
title = "A Presheaf Model of Parametric Type Theory",
journal = "Electronic Notes in Theoretical Computer Science",
volume = "319",
pages = "67 - 82",
year = "2015",
note = "The 31st Conference on the Mathematical Foundations of Programming Semantics (MFPS XXXI).",
issn = "1571-0661",
doi = "https://doi.org/10.1016/j.entcs.2015.12.006",
url = "http://www.sciencedirect.com/science/article/pii/S1571066115000730",
author = "Jean-Philippe Bernardy and Thierry Coquand and Guilhem Moulin",
keywords = "Parametricity, Presheaf semantics, Type theory"
}

@inproceedings{atkey:algebraic-indexed,
  author    = {Robert Atkey and
               Patricia Johann and
               Andrew Kennedy},
  title     = {Abstraction and invariance for algebraically indexed types},
  booktitle = {The 40th Annual {ACM} {SIGPLAN-SIGACT} Symposium on Principles of
               Programming Languages, {POPL} '13},
  pages     = {87--100},
}



@inbook{minitt,
place={Cambridge},
title={A simple type-theoretic language: Mini-TT},
DOI={10.1017/CBO9780511770524.007},
booktitle={From Semantics to Computer Science: Essays in Honour of Gilles Kahn},
publisher={Cambridge University Press},
author={Coquand, Thierry and Kinoshita, Yoshiki and Nordström, Bengt and Takeyama, Makoto},
editor={Bertot, Yves and Huet, Gérard and Lévy, Jean-Jacques and Plotkin, GordonEditors},
year={2009},
pages={139–164}}

@inproceedings{pientka:cpp18,
 author = {Pientka, Brigitte},
 title = {POPLMark Reloaded: Mechanizing Logical Relations Proofs (Invited Talk)},
 booktitle = {Proceedings of the 7th ACM SIGPLAN International Conference on Certified Programs and Proofs},
 series = {CPP 2018},
 year = {2018},
 isbn = {978-1-4503-5586-5},
 location = {Los Angeles, CA, USA},
 pages = {1--1},
 numpages = {1},
 url = {http://doi.acm.org/10.1145/3167102},
 doi = {10.1145/3167102},
 acmid = {3167102},
 publisher = {ACM},
 address = {New York, NY, USA},
 keywords = {Logical Frameworks, Mechanizing Metatheory, Proof Assistants},
}

@unpublished{vezzosi:streams17,
  author = {Vezzosi, Andrea},
  title = {Streams for Cubical Type Thoery},
  year = {2017},
  note = {\url{http://www.cse.chalmers.se/~vezzosi/streams-ctt.pdf}},
}

@article{huber:16,
  title={Canonicity for Cubical Type Theory},
  author={Simon Huber},
  journal={CoRR},
  year={2016},
  volume={abs/1607.04156}
}

@InProceedings{gdtt,
author="Bizjak, Ale{\v{s}}
and Grathwohl, Hans Bugge
and Clouston, Ranald
and M{\o}gelberg, Rasmus E.
and Birkedal, Lars",
editor="Jacobs, Bart
and L{\"o}ding, Christof",
title="Guarded Dependent Type Theory with Coinductive Types",
booktitle="Foundations of Software Science and Computation Structures",
year="2016",
publisher="Springer Berlin Heidelberg",
address="Berlin, Heidelberg",
pages="20--35",
isbn="978-3-662-49630-5"
}

@inproceedings{ottnow,
 author = {Altenkirch, Thorsten and McBride, Conor and Swierstra, Wouter},
 title = {Observational Equality, Now!},
 booktitle = {Proceedings of the 2007 Workshop on Programming Languages Meets Program Verification},
 series = {PLPV '07},
 year = {2007},
 isbn = {978-1-59593-677-6},
 location = {Freiburg, Germany},
 pages = {57--68},
 numpages = {12},
 url = {http://doi.acm.org/10.1145/1292597.1292608},
 doi = {10.1145/1292597.1292608},
 acmid = {1292608},
 publisher = {ACM},
 address = {New York, NY, USA},
 keywords = {equality, type theory},
}


@InProceedings{	  abelCoquandMannaa:types16,
  author	= {Andreas Abel and Thierry Coquand and Bassel Mannaa},
  title		= {On Decidability of Conversion in Type Theory},
  booktitle	= types16abs,
  year		= 2016,
  editor	= {Silvia Ghilezan and Jelena Ivetic},
  publisher	= easychair
}
